@book{molnar2022,
  title      = {Interpretable Machine Learning},
  author     = {Christoph Molnar},
  year       = {2022},
  subtitle   = {A Guide for Making Black Box Models Explainable},
  edition    = {2},
  url        = {https://christophm.github.io/interpretable-ml-book}
}

@article{ALE-paper,
  doi = {10.48550/ARXIV.1612.08468},
  url = {https://arxiv.org/abs/1612.08468},
  author = {Apley, Daniel W. and Zhu, Jingyu},
  keywords = {Methodology (stat.ME), FOS: Computer and information sciences, FOS: Computer and information sciences},
  title = {Visualizing the Effects of Predictor Variables in Black Box Supervised Learning Models},
  publisher = {arXiv},
  year = {2016},
  copyright = {arXiv.org perpetual, non-exclusive license}
}

@misc{modelAgnostic,
  doi = {10.48550/ARXIV.1606.05386},
  url = {https://arxiv.org/abs/1606.05386},
  author = {Ribeiro, Marco Tulio and Singh, Sameer and Guestrin, Carlos},
  keywords = {Machine Learning (stat.ML), Machine Learning (cs.LG), FOS: Computer and information sciences, FOS: Computer and information sciences},
  title = {Model-Agnostic Interpretability of Machine Learning},
  publisher = {arXiv},
  year = {2016},
  copyright = {arXiv.org perpetual, non-exclusive license}
}



@article{DBLP:journals/corr/Miller17a,
  author    = {Tim Miller},
  title     = {Explanation in Artificial Intelligence: Insights from the Social Sciences},
  journal   = {CoRR},
  volume    = {abs/1706.07269},
  year      = {2017},
  url       = {http://arxiv.org/abs/1706.07269},
  eprinttype = {arXiv},
  eprint    = {1706.07269},
  timestamp = {Mon, 13 Aug 2018 16:47:22 +0200},
  biburl    = {https://dblp.org/rec/journals/corr/Miller17a.bib},
  bibsource = {dblp computer science bibliography, https://dblp.org}
}

@book{Goodfellow-et-al-2016,
    title={Deep Learning},
    author={Ian Goodfellow and Yoshua Bengio and Aaron Courville},
    publisher={MIT Press},
    note={\url{http://www.deeplearningbook.org}},
    year={2016}
}

@article{friedman2001greedy,
  title={Greedy function approximation: a gradient boosting machine},
  author={Friedman, Jerome H},
  journal={Annals of statistics},
  pages={1189--1232},
  year={2001},
  publisher={JSTOR}
}

@article{drugPredictionRandomForest,
author = {Riddick, Gregory and Song, Hua and Ahn, Susie and Walling, Jennifer and Borges, Diego and Zhang, Wei and Fine, Howard},
year = {2011},
month = {01},
pages = {220-4},
title = {Predicting In-Vitro Drug Sensitivity using Random Forests},
volume = {27},
journal = {Bioinformatics (Oxford, England)},
doi = {10.1093/bioinformatics/btq628}
}


@article{GIBERT2020102526,
title = {The rise of machine learning for detection and classification of malware: Research developments, trends and challenges},
journal = {Journal of Network and Computer Applications},
volume = {153},
pages = {102526},
year = {2020},
issn = {1084-8045},
doi = {https://doi.org/10.1016/j.jnca.2019.102526},
url = {https://www.sciencedirect.com/science/article/pii/S1084804519303868},
author = {Daniel Gibert and Carles Mateu and Jordi Planes},
}

@Article{AlphaFold2021,
  author  = {Jumper, John and Evans, Richard and Pritzel, Alexander and Green, Tim and Figurnov, Michael and Ronneberger, Olaf and Tunyasuvunakool, Kathryn and Bates, Russ and {\v{Z}}{\'\i}dek, Augustin and Potapenko, Anna and Bridgland, Alex and Meyer, Clemens and Kohl, Simon A A and Ballard, Andrew J and Cowie, Andrew and Romera-Paredes, Bernardino and Nikolov, Stanislav and Jain, Rishub and Adler, Jonas and Back, Trevor and Petersen, Stig and Reiman, David and Clancy, Ellen and Zielinski, Michal and Steinegger, Martin and Pacholska, Michalina and Berghammer, Tamas and Bodenstein, Sebastian and Silver, David and Vinyals, Oriol and Senior, Andrew W and Kavukcuoglu, Koray and Kohli, Pushmeet and Hassabis, Demis},
  journal = {Nature},
  title   = {Highly accurate protein structure prediction with {AlphaFold}},
  year    = {2021},
  volume  = {596},
  number  = {7873},
  pages   = {583--589},
  doi     = {10.1038/s41586-021-03819-2}
}

@misc{resNEt,
  doi = {10.48550/ARXIV.1512.03385},
  url = {https://arxiv.org/abs/1512.03385},
  author = {He, Kaiming and Zhang, Xiangyu and Ren, Shaoqing and Sun, Jian},
  keywords = {Computer Vision and Pattern Recognition (cs.CV), FOS: Computer and information sciences, FOS: Computer and information sciences},
  title = {Deep Residual Learning for Image Recognition},
  publisher = {arXiv},
  year = {2015},
  copyright = {arXiv.org perpetual, non-exclusive license}
}


@misc{rlDriving,
  doi = {10.48550/ARXIV.2002.00444},
  url = {https://arxiv.org/abs/2002.00444},
  author = {Kiran, B Ravi and Sobh, Ibrahim and Talpaert, Victor and Mannion, Patrick and Sallab, Ahmad A. Al and Yogamani, Senthil and Pérez, Patrick},
  keywords = {Machine Learning (cs.LG), Artificial Intelligence (cs.AI), Robotics (cs.RO), FOS: Computer and information sciences, FOS: Computer and information sciences},
  title = {Deep Reinforcement Learning for Autonomous Driving: A Survey},
  publisher = {arXiv},
  year = {2020},  
  copyright = {arXiv.org perpetual, non-exclusive license}
}

@article{aiHealthCare,
 title = {AI-driven Optimization in Healthcare: the Diagnostic Process},
 author = {Lyon, Jérôme Yves and Bogodistov, Yevgen and Moormann, Jürgen},
 journal = {European Journal of Management Issues},
 number = {4},
 pages = {218-231},
 volume = {29},
 year = {2021},
 issn = {2523-451X},
 doi = {https://doi.org/10.15421/192121},
 }


@book{heinrich2014lofflerpetrides,
  added-at = {2019-08-30T21:35:33.000+0200},
  address = {Berlin, Heidelberg},
  biburl = {http://puma-ubmr.hebis.de/bibtex/2ecca3c7569a5ba3d79a9cd900d533192/04376960},
  edition = {9th ed. 2014},
  editor = {Heinrich, Peter C and Müller, Matthias and Graeve, Lutz},
  format = {ebook},
  interhash = {0bf1a2fc5ca0143d9b95b7c5252405d0},
  intrahash = {ecca3c7569a5ba3d79a9cd900d533192},
  isbn = {9783642179723},
  keywords = {Biochemie},
  publisher = {Springer Berlin Heidelberg},
  series = {Springer-Lehrbuch},
  shorttitle = {Löffler/Petrides Biochemie  und Pathobiochemie},
  subtitle = {herausgegeben von Peter C. Heinrich, Matthias Müller, Lutz Graeve},
  timestamp = {2019-08-30T21:35:33.000+0200},
  title = {Löffler/Petrides Biochemie  und Pathobiochemie},
  titlestatement = {herausgegeben von Peter C. Heinrich, Matthias Müller, Lutz Graeve},
  uniqueid = {HEB340800550},
  url = {https://doi.org/10.1007/978-3-642-17972-3},
  year = 2014
}

@book{TMV,
  added-at = {2008-09-14T12:23:27.000+0200},
  asin = {380472342X},
  author = {Thews, Gerhard and Mutschler, Ernst and Vaupel, Peter},
  biburl = {https://www.bibsonomy.org/bibtex/265c0607d66a7096ec23f19828010f182/donstechan},
  description = {Amazon.de: Anatomie, Physiologie, Pathophysiologie des Menschen: Gerhard Thews, Ernst Mutschler, Peter Vaupel: Bücher},
  ean = {9783804723429},
  edition = {6., völlig überarb. u. erw.  A.},
  interhash = {031ac16360314e3f2709339ba84e473a},
  intrahash = {65c0607d66a7096ec23f19828010f182},
  isbn = {380472342X},
  keywords = {Anatomie Pathophysiologie Physiologie},
  publisher = {Wissenschaftliche Verlagsges.},
  timestamp = {2008-09-14T12:23:27.000+0200},
  title = {Anatomie, Physiologie, Pathophysiologie des Menschen},
  url = {http://www.amazon.de/Anatomie-Physiologie-Pathophysiologie-Menschen-Gerhard/dp/380472342X\%3FSubscriptionId\%3D13CT5CVB80YFWJEPWS02\%26tag\%3Dws\%26linkCode\%3Dxm2\%26camp\%3D2025\%26creative\%3D165953\%26creativeASIN\%3D380472342X},
  year = 2007
}

@article{10.1093/eurheartj/ehl305,
    author = {Chung, Irene and Lip, Gregory Y.H.},
    title = "{Platelets and heart failure}",
    journal = {European Heart Journal},
    volume = {27},
    number = {22},
    pages = {2623-2631},
    year = {2006},
    month = {10},
    issn = {0195-668X},
    doi = {10.1093/eurheartj/ehl305},
    url = {https://doi.org/10.1093/eurheartj/ehl305},
    eprint = {https://academic.oup.com/eurheartj/article-pdf/27/22/2623/9626851/ehl305.pdf},
}

@article{Srivastava22,
author = {Srivastava, M and Harrison, N and Caetano, AFSMA and Tan, AR, and Law, M},
title = {Ultrafiltration for acute heart failure},
journal = {Cochrane Database of Systematic Reviews},
number = {4},
year = {2020},
publisher = {John Wiley & Sons, Ltd},
ISSN = {1465-1858},
DOI = {10.1002/14651858.CD013593},
URL = {https://doi.org//10.1002/14651858.CD013593}
}


